<?xml version="1.0" encoding="UTF-8"?><collection xmlns="http://www.loc.gov/MARC21/slim"><record><leader>00597nam--2200193-i-4500</leader><controlfield tag="001">000008354</controlfield><controlfield tag="002">20161230</controlfield><controlfield tag="005">20161230201027</controlfield><controlfield tag="008">060222s1000------------r-----000-0-fre-d</controlfield><datafield ind1=" " ind2=" " tag="040"><subfield code="a">IFIN-HH</subfield></datafield><datafield ind1=" " ind2=" " tag="041"><subfield code="a">fre</subfield></datafield><datafield ind1=" " ind2=" " tag="080"><subfield code="a">535</subfield></datafield><datafield ind1="1" ind2=" " tag="100"><subfield code="a">Burcher, Jean</subfield></datafield><datafield ind1="1" ind2="0" tag="245"><subfield code="a">Les combinaisons optiques</subfield><subfield code="b">Pratique des calculs</subfield><subfield code="c">Jean burcher</subfield></datafield><datafield ind1=" " ind2=" " tag="260"><subfield code="a">Paris</subfield><subfield code="b">Editions De La Revue D'Optique Theorique Et Instrumentale</subfield><subfield code="c">1967</subfield></datafield><datafield ind1=" " ind2=" " tag="300"><subfield code="a">XXI + 713 P</subfield></datafield><datafield ind1=" " ind2=" " tag="490"><subfield code="a">TRAITE D'OPTIQUE INSTRUMENTALE. Troisieme Section - Realisation des Instruments</subfield></datafield><datafield ind1=" " ind2=" " tag="852"><subfield code="a">15856</subfield><subfield code="c">535</subfield></datafield><datafield ind1=" " ind2=" " tag="CAT"><subfield code="a">Sys</subfield><subfield code="c">20101019</subfield><subfield code="h">142040</subfield></datafield></record></collection>